<?xml version="1.0" encoding="UTF-8"?><srw:searchRetrieveResponse xmlns:srw="http://www.loc.gov/zing/srw/" xmlns="http://catalogue.bnf.fr/namespaces/InterXMarc" xmlns:ixm="http://catalogue.bnf.fr/namespaces/InterXMarc" xmlns:mn="http://catalogue.bnf.fr/namespaces/motsnotices" xmlns:sd="http://www.loc.gov/zing/srw/diagnostic/">
<srw:version>1.2</srw:version>
<srw:echoedSearchRetrieveRequest>
<srw:version>1.2</srw:version>
<srw:query>bib.isbn adj "9782012101333"</srw:query>
</srw:echoedSearchRetrieveRequest>
<srw:numberOfRecords>1</srw:numberOfRecords>
<srw:records>
<srw:record>
<srw:recordSchema>marcxchange</srw:recordSchema>
<srw:recordPacking>xml</srw:recordPacking>
<srw:recordData>
<mxc:record xmlns:mxc="info:lc/xmlns/marcxchange-v2" format="UNIMARC" id="ark:/12148/cb43404620t" type="Bibliographic">
<mxc:leader>     a    22        450 </mxc:leader>
<mxc:controlfield tag="001">FRBNF434046200000004</mxc:controlfield>
<mxc:controlfield tag="003">http://catalogue.bnf.fr/ark:/12148/cb43404620t</mxc:controlfield>
<mxc:datafield tag="010" ind1=" " ind2=" ">
<mxc:subfield code="a">978-2-01-210133-3</mxc:subfield>
<mxc:subfield code="b">rl</mxc:subfield>
</mxc:datafield>
<mxc:datafield tag="039" ind1=" " ind2=" ">
<mxc:subfield code="o">ALS</mxc:subfield>
<mxc:subfield code="a">1652469</mxc:subfield>
</mxc:datafield>
<mxc:datafield tag="073" ind1=" " ind2="0">
<mxc:subfield code="a">9782012101333</mxc:subfield>
</mxc:datafield>
<mxc:datafield tag="100" ind1=" " ind2=" ">
<mxc:subfield code="a">20140819d1999    a  y0frey50      ba</mxc:subfield>
</mxc:datafield>
<mxc:datafield tag="101" ind1="0" ind2=" ">
<mxc:subfield code="a">fre</mxc:subfield>
<mxc:subfield code="c">fre</mxc:subfield>
</mxc:datafield>
<mxc:datafield tag="102" ind1=" " ind2=" ">
<mxc:subfield code="a">FR</mxc:subfield>
</mxc:datafield>
<mxc:datafield tag="105" ind1=" " ind2=" ">
<mxc:subfield code="a">||||t   00|||</mxc:subfield>
</mxc:datafield>
<mxc:datafield tag="106" ind1=" " ind2=" ">
<mxc:subfield code="a">r</mxc:subfield>
</mxc:datafield>
<mxc:datafield tag="181" ind1=" " ind2="0">
<mxc:subfield code="6">01</mxc:subfield>
<mxc:subfield code="a">i </mxc:subfield>
<mxc:subfield code="b">xxxe  </mxc:subfield>
<mxc:subfield code="a">b </mxc:subfield>
<mxc:subfield code="b">xb2e  </mxc:subfield>
</mxc:datafield>
<mxc:datafield tag="181" ind1=" " ind2=" ">
<mxc:subfield code="6">02</mxc:subfield>
<mxc:subfield code="c">txt</mxc:subfield>
<mxc:subfield code="c">sti</mxc:subfield>
<mxc:subfield code="2">rdacontent</mxc:subfield>
</mxc:datafield>
<mxc:datafield tag="182" ind1=" " ind2="0">
<mxc:subfield code="6">01</mxc:subfield>
<mxc:subfield code="a">n</mxc:subfield>
</mxc:datafield>
<mxc:datafield tag="182" ind1=" " ind2=" ">
<mxc:subfield code="6">02</mxc:subfield>
<mxc:subfield code="c">n</mxc:subfield>
<mxc:subfield code="2">rdamedia</mxc:subfield>
</mxc:datafield>
<mxc:datafield tag="200" ind1="1" ind2=" ">
<mxc:subfield code="a">Astérix le Gaulois</mxc:subfield>
<mxc:subfield code="f">texte de René Goscinny</mxc:subfield>
<mxc:subfield code="g">dessins d'albert Uderzo</mxc:subfield>
</mxc:datafield>
<mxc:datafield tag="205" ind1=" " ind2=" ">
<mxc:subfield code="a">[Edition 20]</mxc:subfield>
</mxc:datafield>
<mxc:datafield tag="210" ind1=" " ind2=" ">
<mxc:subfield code="a">Vanves</mxc:subfield>
<mxc:subfield code="c">Hachette</mxc:subfield>
<mxc:subfield code="d">DL. 1999</mxc:subfield>
</mxc:datafield>
<mxc:datafield tag="215" ind1=" " ind2=" ">
<mxc:subfield code="a">1 volume 48 p</mxc:subfield>
<mxc:subfield code="d">30 cm</mxc:subfield>
</mxc:datafield>
<mxc:datafield tag="215" ind1=" " ind2=" ">
<mxc:subfield code="c">ill.</mxc:subfield>
</mxc:datafield>
<mxc:datafield tag="225" ind1="1" ind2="9">
<mxc:subfield code="a">Une aventure d'Astérix</mxc:subfield>
<mxc:subfield code="v">1</mxc:subfield>
</mxc:datafield>
<mxc:datafield tag="300" ind1=" " ind2=" ">
<mxc:subfield code="a">Série de bandes dessinées</mxc:subfield>
</mxc:datafield>
<mxc:datafield tag="300" ind1=" " ind2=" ">
<mxc:subfield code="a">Scénario de René Goscinny, dessins d'Albert Uderzo. Depuis 1977, scénario et dessins d'Uderzo</mxc:subfield>
</mxc:datafield>
<mxc:datafield tag="461" ind1=" " ind2="0">
<mxc:subfield code="0">43388366</mxc:subfield>
<mxc:subfield code="t">&#136;Une &#137;aventure d'Astérix</mxc:subfield>
<mxc:subfield code="t">texte Goscinny</mxc:subfield>
<mxc:subfield code="v">1</mxc:subfield>
</mxc:datafield>
<mxc:datafield tag="500" ind1="1" ind2="1">
<mxc:subfield code="3">14573759</mxc:subfield>
<mxc:subfield code="a">Les aventures d'Astérix</mxc:subfield>
<mxc:subfield code="q">[Edition 20]</mxc:subfield>
<mxc:subfield code="m">français</mxc:subfield>
</mxc:datafield>
<mxc:datafield tag="600" ind1=" " ind2="|">
<mxc:subfield code="3">12226478</mxc:subfield>
<mxc:subfield code="a">Astérix</mxc:subfield>
<mxc:subfield code="c">personnage fictif</mxc:subfield>
<mxc:subfield code="2">rameau</mxc:subfield>
</mxc:datafield>
<mxc:datafield tag="600" ind1=" " ind2="|">
<mxc:subfield code="3">11927309</mxc:subfield>
<mxc:subfield code="a">Uderzo</mxc:subfield>
<mxc:subfield code="b">Albert</mxc:subfield>
<mxc:subfield code="f">1927-2020</mxc:subfield>
<mxc:subfield code="2">rameau</mxc:subfield>
</mxc:datafield>
<mxc:datafield tag="608" ind1=" " ind2=" ">
<mxc:subfield code="3">11932135</mxc:subfield>
<mxc:subfield code="a">Entretiens</mxc:subfield>
<mxc:subfield code="2">rameau</mxc:subfield>
</mxc:datafield>
<mxc:datafield tag="676" ind1=" " ind2=" ">
<mxc:subfield code="a">741.5</mxc:subfield>
<mxc:subfield code="v">23</mxc:subfield>
</mxc:datafield>
<mxc:datafield tag="700" ind1=" " ind2="|">
<mxc:subfield code="3">11927309</mxc:subfield>
<mxc:subfield code="o">ISNI0000000120959006</mxc:subfield>
<mxc:subfield code="a">Uderzo</mxc:subfield>
<mxc:subfield code="b">Albert</mxc:subfield>
<mxc:subfield code="f">1927-2020</mxc:subfield>
<mxc:subfield code="4">070</mxc:subfield>
</mxc:datafield>
<mxc:datafield tag="701" ind1=" " ind2="|">
<mxc:subfield code="3">11905455</mxc:subfield>
<mxc:subfield code="o">ISNI0000000121235579</mxc:subfield>
<mxc:subfield code="a">Goscinny</mxc:subfield>
<mxc:subfield code="b">René</mxc:subfield>
<mxc:subfield code="f">1926-1977</mxc:subfield>
<mxc:subfield code="4">070</mxc:subfield>
</mxc:datafield>
<mxc:datafield tag="801" ind1=" " ind2="0">
<mxc:subfield code="a">FR</mxc:subfield>
<mxc:subfield code="b">FR-751131015</mxc:subfield>
<mxc:subfield code="c">20140819</mxc:subfield>
<mxc:subfield code="g">AFNOR</mxc:subfield>
<mxc:subfield code="h">FRBNF434046200000004</mxc:subfield>
<mxc:subfield code="2">intermrc</mxc:subfield>
</mxc:datafield>
<mxc:datafield tag="801" ind1=" " ind2="0">
<mxc:subfield code="a">FR</mxc:subfield>
<mxc:subfield code="b">FR-751131015</mxc:subfield>
</mxc:datafield>
<mxc:datafield tag="930" ind1=" " ind2=" ">
<mxc:subfield code="5">FR-751131010:43404620001001</mxc:subfield>
<mxc:subfield code="a">- Littérature et art - Salle I - Classique du livre pour enfants - CL UDE a 1</mxc:subfield>
<mxc:subfield code="b">759999999</mxc:subfield>
<mxc:subfield code="c">Tolbiac - Haut de Jardin - Littérature et art - Libre accès</mxc:subfield>
<mxc:subfield code="d">N</mxc:subfield>
</mxc:datafield>
</mxc:record>      </srw:recordData>
<srw:recordIdentifier>ark:/12148/cb43404620t</srw:recordIdentifier>
<srw:recordPosition>1</srw:recordPosition>
<srw:extraRecordData>
<ixm:attr name="CreationDate">20140819</ixm:attr>
<ixm:attr name="LastModificationDate">20210804</ixm:attr>
<mn:score>6.440169</mn:score>
</srw:extraRecordData>
</srw:record>
</srw:records>
</srw:searchRetrieveResponse>
